<record><leader>00000cas a22000007a 4500</leader><controlfield tag="001">11434454</controlfield><controlfield tag="008">841129d18621866njuwr ne      0    0eng d</controlfield><datafield ind1=" " ind2=" " tag="010"><subfield code="a">sn 84038673 </subfield></datafield><datafield ind1=" " ind2=" " tag="040"><subfield code="a">NPX</subfield><subfield code="b">eng</subfield><subfield code="c">NPX</subfield><subfield code="d">NJW</subfield><subfield code="d">NVK</subfield><subfield code="d">OCL</subfield><subfield code="d">OCLCQ</subfield><subfield code="d">OCLCF</subfield><subfield code="d">OCLCO</subfield><subfield code="d">CUS</subfield><subfield code="d">CUI</subfield></datafield><datafield ind1=" " ind2=" " tag="042"><subfield code="a">msc</subfield></datafield><datafield ind1=" " ind2=" " tag="043"><subfield code="a">n-us-nj</subfield></datafield><datafield ind1=" " ind2="4" tag="050"><subfield code="a">AN</subfield></datafield><datafield ind1="0" ind2="4" tag="245"><subfield code="a">The Atlantic Democrat and Cape May County register.</subfield></datafield><datafield ind1=" " ind2=" " tag="260"><subfield code="a">Absecon [N.J. :</subfield><subfield code="b">O.A. Douglas]</subfield></datafield><datafield ind1=" " ind2=" " tag="300"><subfield code="a">v.</subfield></datafield><datafield ind1=" " ind2=" " tag="310"><subfield code="a">Weekly</subfield></datafield><datafield ind1=" " ind2=" " tag="336"><subfield code="a">text</subfield><subfield code="b">txt</subfield><subfield code="2">rdacontent</subfield></datafield><datafield ind1=" " ind2=" " tag="337"><subfield code="a">unmediated</subfield><subfield code="b">n</subfield><subfield code="2">rdamedia</subfield></datafield><datafield ind1=" " ind2=" " tag="338"><subfield code="a">volume</subfield><subfield code="b">nc</subfield><subfield code="2">rdacarrier</subfield></datafield><datafield ind1="1" ind2=" " tag="362"><subfield code="a">Began in 1862; ceased with Apr. 1, 1866 issue.</subfield></datafield><datafield ind1=" " ind2=" " tag="500"><subfield code="a">Published at Egg Harbor City and Tuckahoe, N.J., 1862; at Elwood and Tuckahoe, N.J., 1862-1863; at Absecon, N.J., 1863-1866.</subfield></datafield><datafield ind1=" " ind2=" " tag="500"><subfield code="a">Editor: O.A. Douglas, &lt;1863&gt;.</subfield></datafield><datafield ind1=" " ind2=" " tag="530"><subfield code="a">Also issued on microfilm as part of the Civil War newspapers collection.</subfield></datafield><datafield ind1=" " ind2=" " tag="588"><subfield code="a">Description based on: July 11, 1863.</subfield></datafield><datafield ind1=" " ind2="0" tag="651"><subfield code="a">Absecon (N.J.)</subfield><subfield code="v">Newspapers.</subfield></datafield><datafield ind1=" " ind2="0" tag="651"><subfield code="a">Egg Harbor City (N.J.)</subfield><subfield code="v">Newspapers.</subfield></datafield><datafield ind1=" " ind2="0" tag="651"><subfield code="a">Tuckahoe (N.J.)</subfield><subfield code="v">Newspapers.</subfield></datafield><datafield ind1=" " ind2="0" tag="651"><subfield code="a">Elwood (N.J.)</subfield><subfield code="v">Newspapers.</subfield></datafield><datafield ind1=" " ind2="7" tag="651"><subfield code="a">New Jersey</subfield><subfield code="z">Absecon.</subfield><subfield code="2">fast</subfield><subfield code="0">(OCoLC)fst01229880</subfield></datafield><datafield ind1=" " ind2="7" tag="651"><subfield code="a">New Jersey</subfield><subfield code="z">Egg Harbor City.</subfield><subfield code="2">fast</subfield><subfield code="0">(OCoLC)fst01227088</subfield></datafield><datafield ind1=" " ind2="7" tag="651"><subfield code="a">New Jersey</subfield><subfield code="z">Elwood.</subfield><subfield code="2">fast</subfield><subfield code="0">(OCoLC)fst01289551</subfield></datafield><datafield ind1=" " ind2="7" tag="651"><subfield code="a">New Jersey</subfield><subfield code="z">Tuckahoe.</subfield><subfield code="2">fast</subfield><subfield code="0">(OCoLC)fst01290746</subfield></datafield><datafield ind1=" " ind2="7" tag="655"><subfield code="a">Newspapers.</subfield><subfield code="2">fast</subfield><subfield code="0">(OCoLC)fst01423814</subfield></datafield><datafield ind1=" " ind2=" " tag="752"><subfield code="a">United States</subfield><subfield code="b">New Jersey</subfield><subfield code="c">Atlantic</subfield><subfield code="d">Absecon.</subfield></datafield><datafield ind1=" " ind2=" " tag="752"><subfield code="a">United States</subfield><subfield code="b">New Jersey</subfield><subfield code="c">Atlantic</subfield><subfield code="d">Egg Harbor City.</subfield></datafield><datafield ind1=" " ind2=" " tag="752"><subfield code="a">United States</subfield><subfield code="b">New Jersey</subfield><subfield code="c">Cape May</subfield><subfield code="d">Tuckahoe.</subfield></datafield><datafield ind1=" " ind2=" " tag="752"><subfield code="a">United States</subfield><subfield code="b">New Jersey</subfield><subfield code="c">Atlantic</subfield><subfield code="d">Elwood.</subfield></datafield><datafield ind1="0" ind2="0" tag="780"><subfield code="t">Atlantic Democrat (Egg Harbor City, N.J. : 1861)</subfield><subfield code="w">(DLC)sn 92059909</subfield><subfield code="w">(OCoLC)25388984</subfield></datafield><datafield ind1="0" ind2="0" tag="785"><subfield code="t">Atlantic Democrat and Cumberland County patriot</subfield><subfield code="w">(DLC)sn 91064023</subfield><subfield code="w">(OCoLC)24221571</subfield></datafield><datafield ind1="4" ind2="0" tag="856"><subfield code="3">04/019/1862 to 07/26/1862</subfield><subfield code="u">http://infoweb.newsbank.com/?db=EANX&amp;s_browseRef=decades/10F1F3326F0D9010/all.xml</subfield></datafield></record>